@book{cormen,
title = {Introduction to Algorithms},
author = {T. H. Cormen and C. E. Leiserson and R. L. Rivest and C. Stein},
edition = {2nd},
publisher = {The MIT Press},
year = 2001,
keywords = {algorithms},
isbn = {0262032937}, 
dewey = {005.1}
}

@book{wolsey,
	title = {Integer Programming},
	author = {L. A. Wolsey},
	isbn = {0471283665},
	publisher = {Wiley-Interscience},
	year = {1998}
}
